<?xml version='1.0' encoding='UTF-8'?>
<record xmlns="http://www.loc.gov/MARC21/slim">
  <leader>02386cam a2200445 a 4500</leader>
  <controlfield tag="001">774420</controlfield>
  <controlfield tag="003">NjP</controlfield>
  <controlfield tag="005">20170605130348.0</controlfield>
  <controlfield tag="008">921208s1990    ir            000 0 ara d</controlfield>
  <datafield tag="024" ind1="7" ind2=" ">
    <subfield code="a">princeton_aco001608</subfield>
    <subfield code="2">local</subfield>
  </datafield>
  <datafield ind1=" " ind2=" " tag="035">
    <subfield code="a">(OCoLC)27152023</subfield>
  </datafield>
  <datafield ind1=" " ind2=" " tag="035">
    <subfield code="a">(OCoLC)ocn176688857</subfield>
  </datafield>
  <datafield ind1=" " ind2=" " tag="035">
    <subfield code="a">774420</subfield>
  </datafield>
  <datafield ind1=" " ind2=" " tag="035">
    <subfield code="a">(OCoLC)176688857</subfield>
  </datafield>
  <datafield ind1=" " ind2=" " tag="035">
    <subfield code="a">(CStRLIN)NJPG92-B67719</subfield>
  </datafield>
  <datafield ind1=" " ind2=" " tag="035">
    <subfield code="9">ADQ8758TS</subfield>
  </datafield>
  <datafield ind1=" " ind2=" " tag="035">
    <subfield code="z">774420</subfield>
  </datafield>
  <datafield ind1=" " ind2=" " tag="035">
    <subfield code="a">(NjP)774420</subfield>
  </datafield>
  <datafield ind1=" " ind2=" " tag="040">
    <subfield code="a">NjP</subfield>
    <subfield code="c">PUL</subfield>
    <subfield code="d">PUL</subfield>
  </datafield>
  <datafield ind1=" " ind2=" " tag="049">
    <subfield code="a">PULL</subfield>
  </datafield>
  <datafield ind1=" " ind2=" " tag="079">
    <subfield code="a">ocm27152023</subfield>
  </datafield>
  <datafield ind1="1" ind2=" " tag="100">
    <subfield code="6">880-01</subfield>
    <subfield code="a">Suyūrī, al-Miqdād ibn ʻAbd Allāh,</subfield>
    <subfield code="d">-1423.</subfield>
    <subfield code="0">http://id.loc.gov/authorities/names/n85331637</subfield>
  </datafield>
  <datafield ind1="1" ind2="0" tag="240">
    <subfield code="6">880-02</subfield>
    <subfield code="a">Nāfiʻ yawm al-ḥashr fī sharḥ al-Bāb al-ḥādī ʻashar</subfield>
  </datafield>
  <datafield ind1="1" ind2="0" tag="245">
    <subfield code="6">880-03</subfield>
    <subfield code="a">Kitāb al-nāfiʻ yawm al-ḥashr fī sharḥ al-Bāb al-ḥādī ʻashar /</subfield>
    <subfield code="c">lil-muṣannif al-ʻallāmah al-Ḥillī ; wa-lil-shāriḥ al-Fāḍil al-Miqdād ; wa-lil-muḥashshī Muḥsin al-Ṣadr al-Riḍwānī.</subfield>
  </datafield>
  <datafield ind1=" " ind2=" " tag="260">
    <subfield code="6">880-04</subfield>
    <subfield code="a">Qum :</subfield>
    <subfield code="b">M. al-Ṣadr al-Riḍwānī,</subfield>
    <subfield code="c">1369 [1990]</subfield>
  </datafield>
  <datafield ind1=" " ind2=" " tag="300">
    <subfield code="a">96 p. ;</subfield>
    <subfield code="c">22 cm.</subfield>
  </datafield>
  <datafield ind1="1" ind2="0" tag="600">
    <subfield code="6">880-05</subfield>
    <subfield code="a">Ibn al-Muṭahhar al-Ḥillī, al-Ḥasan ibn Yūsuf,</subfield>
    <subfield code="d">1250-1325.</subfield>
    <subfield code="t">Bāb al-ḥādī ʻashar.</subfield>
  </datafield>
  <datafield ind1=" " ind2="0" tag="650">
    <subfield code="a">Shīʻah</subfield>
    <subfield code="x">Doctrines</subfield>
    <subfield code="x">Early works to 1800.</subfield>
    <subfield code="0">http://id.loc.gov/authorities/subjects/sh2008111616</subfield>
  </datafield>
  <datafield ind1="1" ind2=" " tag="700">
    <subfield code="6">880-06</subfield>
    <subfield code="a">Ṣadr al-Riḍwānī, Muḥsin.</subfield>
  </datafield>
  <datafield ind1="0" ind2=" " tag="740">
    <subfield code="6">880-07</subfield>
    <subfield code="a">Nāfiʻ yawm al-ḥashr fī sharḥ al-Bāb al-ḥādī ʻashar.</subfield>
  </datafield>
  <datafield ind1="1" ind2=" " tag="880">
    <subfield code="6">100-01/r</subfield>
    <subfield code="a">سيوري، المقداد بن عبد الله،</subfield>
    <subfield code="d">-1423.</subfield>
  </datafield>
  <datafield ind1="1" ind2="0" tag="880">
    <subfield code="6">240-02/r</subfield>
    <subfield code="a">نافع يوم الحشر في شرح الباب الحادي عشر</subfield>
  </datafield>
  <datafield ind1="1" ind2="0" tag="880">
    <subfield code="6">245-03/r</subfield>
    <subfield code="a">كتاب النافع يوم الحشر في شرح الباب الحادي عشر /</subfield>
    <subfield code="c">للمصنف العلامة الحلي ؛ وللشارح الفاضل المقداد ؛ وللمحشي محسن الصدر الرضواني.</subfield>
  </datafield>
  <datafield ind1=" " ind2=" " tag="880">
    <subfield code="6">260-04/r</subfield>
    <subfield code="a">قم :</subfield>
    <subfield code="b">م. الصدر الرضواني،</subfield>
    <subfield code="c">1369 [1990]</subfield>
  </datafield>
  <datafield ind1="1" ind2="0" tag="880">
    <subfield code="6">600-05/r</subfield>
    <subfield code="a">ابن المطهر الحلي، الحسن بن يوسف،</subfield>
    <subfield code="d">1250-1325.</subfield>
    <subfield code="t">باب الحادي عشر.</subfield>
  </datafield>
  <datafield ind1="1" ind2=" " tag="880">
    <subfield code="6">700-06/r</subfield>
    <subfield code="a">صدر الرضواني، محسن.</subfield>
  </datafield>
  <datafield ind1="0" ind2=" " tag="880">
    <subfield code="6">740-07/r</subfield>
    <subfield code="a">نافع يوم الحشر في شرح الباب الحادي عشر.</subfield>
  </datafield>
  <datafield ind1=" " ind2=" " tag="911">
    <subfield code="a">19921218</subfield>
  </datafield>
  <datafield ind1=" " ind2=" " tag="912">
    <subfield code="a">19921208000000.0</subfield>
  </datafield>
  <datafield ind1=" " ind2=" " tag="998">
    <subfield code="a">12/08/92</subfield>
    <subfield code="s">9114</subfield>
    <subfield code="n">NjP</subfield>
    <subfield code="d">12/08/92</subfield>
    <subfield code="c">JEB</subfield>
    <subfield code="b">JEB</subfield>
    <subfield code="i">921208</subfield>
    <subfield code="l">NJPG</subfield>
  </datafield>
  <datafield ind1=" " ind2=" " tag="994">
    <subfield code="a">C0</subfield>
    <subfield code="b">PUL</subfield>
  </datafield>
  <datafield ind1=" " ind2=" " tag="999">
    <subfield code="a">774420</subfield>
  </datafield>
  <datafield ind1="0" ind2="0" tag="852">
    <subfield code="0">874976</subfield>
    <subfield code="b">nec</subfield>
    <subfield code="t">1</subfield>
    <subfield code="h">KBP370.I263</subfield>
    <subfield code="i">A33 1990</subfield>
  </datafield>
  <datafield ind1=" " ind2=" " tag="959">
    <subfield code="a">2000-06-13 00:00:00 -0500</subfield>
  </datafield>
</record>
